@article{
	CoppersmithAndWinograd,
	author="Don Coppersmith and Shmuel Winograd",
	title="Matrix multiplication via arithmetic progressions",
	journal="Journal of Symbolic Computation",
	number=9,
	pages="251--280",
	language="english",
	year=1990,
}

@article{
	PogorelovVolkova,
	author="Погорелов Дмитрий Александрович, Таразанов Артемий Михайлович, Волкова Лилия Леонидовна",
	title="Оптимизация классического алгоритма Винограда для перемножения матриц",
	journal="Журнал №1",
	volume=49,
	year=2019
}

@article{
	RobinsonSara,
	author="Robinson, Sara",
	title="Toward an Optimal Algorithm for Matrix Multiplication",
	journal="SIAM News",
	volume=38,
	number=9,
	language="english",
	year=2005,
	month="November"
}

@inbook{
	AlgebraicComplexityTheory,
	author="Burgisser P., Clausen M., Shokrollahi M.A.",
	title="Algebraic complexity theory",
	publisher="-- Berlin, Heidelberg : Springer Berlin Heidelberg, 1997.",
	pages="620",
	language="english",
	year=1997
}

@misc{
	Kotlin,
	title="Kotlin language specification [Электронный ресурс]",
	howpublished="Режим доступа: \url{https://kotlinlang.org/spec/introduction.html} (дата обращения 09.10.2020"
}
