@book{
	Knut,
	author="Дональд Кнут",
	title="Сортировка и поиск",
	publisher="Вильямс",
	volume=3,
	series="Искусство программирования",
	year=2000,
	pages=834
}

@article{
	CoppersmithAndWinograd,
	author="Don Coppersmith and Shmuel Winograd",
	title="Matrix multiplication via arithmetic progressions",
	journal="Journal of Symbolic Computation",
	number=9,
	pages="251--280",
	language="english",
	year=1990,
}

@article{
	PogorelovVolkova,
	author="Погорелов Дмитрий Александрович, Таразанов Артемий Михайлович, Волкова Лилия Леонидовна",
	title="Оптимизация классического алгоритма Винограда для перемножения матриц",
	journal="Журнал №1",
	volume=49,
	year=2019
}

@article{
	RobinsonSara,
	author="Robinson, Sara",
	title="Toward an Optimal Algorithm for Matrix Multiplication",
	journal="SIAM News",
	volume=38,
	number=9,
	language="english",
	year=2005,
	month="November"
}

@inbook{
	AlgebraicComplexityTheory,
	author="Burgisser P., Clausen M., Shokrollahi M.A.",
	title="Algebraic complexity theory",
	publisher="-- Berlin, Heidelberg : Springer Berlin Heidelberg, 1997.",
	pages="620",
	language="english",
	year=1997
}

@misc{
	Kotlin,
	title="Kotlin language specification [Электронный ресурс]",
	howpublished="Режим доступа: \url{https://kotlinlang.org/spec/introduction.html} (дата обращения 09.10.2020)"
}

@misc{
	Nim,
	title="Nim documentation [Электронный ресурс]",
	howpublished="Режим доступа: \url{https://nim-lang.org/documentation.html} (дата обращения 09.10.2020)"
}

@misc{
	Cpp,
	title="C++ standart [Электронный ресурс]",
	howpublished="Режим доступа: \url{http://www.open-std.org/jtc1/sc22/wg21/docs/papers/2013/n3690.pdf} (дата обращения 01.12.2020)"
}

@misc{
	QT,
	title="Qt documentation [Электронный ресурс]",
	howpublished="Режим доступа: \url{https://doc.qt.io/} (дата обращения 01.12.2020)"
}

@misc{
	Commie,
	title="Perl. Примеры программ [Электронный ресурс]",
	howpublished="Режим доступа: \url{http://mech.math.msu.su/~shvetz/54/inf/perl-problems/} (дата обращения 09.12.2020)"
}

@misc{
	Trans,
	title="Решение задачи коммивояжера для поиска оптимального плана перевозок предприятия (на примере ООО «Фабрика еды») [Электронный ресурс]",
	howpublished="Режим доступа: \url{https://perm.hse.ru/data/2015/02/16/1092093493/%D0%A0%D0%B5%D1%88%D0%B5%D0%BD%D0%B8%D0%B5%20%D0%B7%D0%B0%D0%B4%D0%B0%D1%87%D0%B8%20%D0%BA%D0%BE%D0%BC%D0%BC%D0%B8%D0%B2%D0%BE%D1%8F%D0%B6%D0%B5%D1%80%D0%B0.pdf} (дата обращения 09.12.2020)"
}

@book{
	Ulianov,
	author="Ульянов М.В.",
	title="Ресурсно-эффективные компьютерные алгоритмы",
	publisher="ФИЗМАТЛИТ",
	year=2008,
	pages=304
}

@misc{
	Boost,
	title="Boost library [Электронный ресурс]",
	howpublished="Режим доступа: \url{https://www.boost.org/} (дата обращения 09.12.2020)"
}

@misc{
	IntelliJ,
	title=" IntelliJ IDEA documentation [Электронный ресурс]",
	howpublished="Режим доступа: \url{https://www.jetbrains.com/ru-ru/idea/} (дата обращения 09.12.2020)"
}

@book{
	Grigoriev,
	author="Григорьев А.А.",
	title="Методы и алгоритмы обработки данных",
	publisher="ИНФРА-М",
	year=2017,
	pages=256
}

@book{
	Rogers,
	author="Дэвид Роджерс",
	title="Алгоритмические основы машинной графики",
	publisher="Мир",
	year=1989,
	pages=512
}

@article{
	Strassen,
	author="Strassen, Volker",
	title="Gaussian Elimination is not Optimal",
	journal="Numerische Mathematik",
	volume=13,
	number=9,
	pages="354--356",
	language="english",
	year=2005
}
